{
  "leader": "03673cam a2200445 a 4500",
  "fields": [
    {
      "001": "ocm33407267\\"
    },
    {
      "003": "OCoLC"
    },
    {
      "005": "20220705143846.0"
    },
    {
      "008": "951018s1996\\\\\\\\dcu\\\\\\\\\\\\b\\\\\\\\001\\0\\eng\\\\"
    },
    {
      "010": {
        "ind1": "\\",
        "ind2": "\\",
        "subfields": [
          {
            "a": "   95046026 "
          }
        ]
      }
    },
    {
      "040": {
        "ind1": "\\",
        "ind2": "\\",
        "subfields": [
          {
            "a": "DLC"
          },
          {
            "b": "eng"
          },
          {
            "c": "DLC"
          },
          {
            "d": "BAKER"
          },
          {
            "d": "YDXCP"
          },
          {
            "d": "BTCTA"
          },
          {
            "d": "BDX"
          },
          {
            "d": "PSM"
          },
          {
            "d": "GBVCP"
          },
          {
            "d": "OCLCF"
          },
          {
            "d": "OCLCO"
          },
          {
            "d": "OCLCQ"
          },
          {
            "d": "MM9"
          },
          {
            "d": "IL4J6"
          },
          {
            "d": "OCLCO"
          },
          {
            "d": "OCLCQ"
          },
          {
            "d": "OCLCO"
          }
        ]
      }
    },
    {
      "020": {
        "ind1": "\\",
        "ind2": "\\",
        "subfields": [
          {
            "a": "0844739448"
          },
          {
            "q": "(cloth ;"
          },
          {
            "q": "alk. paper)"
          }
        ]
      }
    },
    {
      "020": {
        "ind1": "\\",
        "ind2": "\\",
        "subfields": [
          {
            "a": "9780844739441"
          },
          {
            "q": "(cloth ;"
          },
          {
            "q": "alk. paper)"
          }
        ]
      }
    },
    {
      "020": {
        "ind1": "\\",
        "ind2": "\\",
        "subfields": [
          {
            "a": "0844739456"
          },
          {
            "q": "(pbk. ;"
          },
          {
            "q": "alk. paper)"
          }
        ]
      }
    },
    {
      "020": {
        "ind1": "\\",
        "ind2": "\\",
        "subfields": [
          {
            "a": "9780844739458"
          },
          {
            "q": "(pbk. ;"
          },
          {
            "q": "alk. paper)"
          }
        ]
      }
    },
    {
      "035": {
        "ind1": "\\",
        "ind2": "\\",
        "subfields": [
          {
            "a": "(OCoLC)33407267"
          }
        ]
      }
    },
    {
      "050": {
        "ind1": "0",
        "ind2": "0",
        "subfields": [
          {
            "a": "HN18"
          },
          {
            "b": ".B459 1996"
          }
        ]
      }
    },
    {
      "082": {
        "ind1": "0",
        "ind2": "0",
        "subfields": [
          {
            "a": "361.61"
          },
          {
            "b": "BER"
          }
        ]
      }
    },
    {
      "100": {
        "ind1": "1",
        "ind2": "\\",
        "subfields": [
          {
            "a": "Berger, Peter L.,"
          },
          {
            "d": "1929-2017."
          }
        ]
      }
    },
    {
      "245": {
        "ind1": "1",
        "ind2": "0",
        "subfields": [
          {
            "a": "To empower people :"
          },
          {
            "b": "from state to civil society /"
          },
          {
            "c": "Peter L. Berger and Richard John Neuhaus ; edited by Michael Novak."
          }
        ]
      }
    },
    {
      "250": {
        "ind1": "\\",
        "ind2": "\\",
        "subfields": [
          {
            "a": "2nd ed."
          }
        ]
      }
    },
    {
      "260": {
        "ind1": "\\",
        "ind2": "\\",
        "subfields": [
          {
            "a": "Washington, D.C. :"
          },
          {
            "b": "American Enterprise Institute,"
          },
          {
            "c": "1996."
          }
        ]
      }
    },
    {
      "300": {
        "ind1": "\\",
        "ind2": "\\",
        "subfields": [
          {
            "a": "xiv, 223 pages ;"
          },
          {
            "c": "24 cm"
          }
        ]
      }
    },
    {
      "336": {
        "ind1": "\\",
        "ind2": "\\",
        "subfields": [
          {
            "a": "text"
          },
          {
            "b": "txt"
          },
          {
            "2": "rdacontent"
          }
        ]
      }
    },
    {
      "337": {
        "ind1": "\\",
        "ind2": "\\",
        "subfields": [
          {
            "a": "unmediated"
          },
          {
            "b": "n"
          },
          {
            "2": "rdamedia"
          }
        ]
      }
    },
    {
      "338": {
        "ind1": "\\",
        "ind2": "\\",
        "subfields": [
          {
            "a": "volume"
          },
          {
            "b": "nc"
          },
          {
            "2": "rdacarrier"
          }
        ]
      }
    },
    {
      "504": {
        "ind1": "\\",
        "ind2": "\\",
        "subfields": [
          {
            "a": "Includes bibliographical references (pages 209-213) and index."
          }
        ]
      }
    },
    {
      "505": {
        "ind1": "0",
        "ind2": "\\",
        "subfields": [
          {
            "a": "1. Introduction to the 1996 Edition / Michael Novak -- 2. A New Civic Life / Michael S. Joyce and William A. Schambra -- 3. Community without Politics -- A British View / David G. Green -- 4. Mediating Structures, 1977-1995 / James P. Pinkerton -- 5. The View from the White House -- Individual and Community Empowerment / William A. Galston -- 6. Law and the Welfare State / Michael J. Horowitz -- 7. Philanthropy and the Welfare State / Leslie Lenkowsky -- 8. The Corruption of Religious Charities / Marvin Olasky -- 9. Success Stories / Robert L. Woodson, Sr. -- 10. Practical Principles / Stuart M. Butler -- 11. Bottom-up Funding / Douglas J. Besharov -- 12. Seven Tangled Questions / Michael Novak -- 13. Peter L. Berger and Richard John Neuhaus Respond -- The Original Text: I. Mediating Structures and the Dilemmas of the Welfare State -- The Original Text: II. Neighborhood -- The Original Text: III. Family -- The Original Text: IV. Church -- The Original Text: V. Voluntary Association -- The Original Text: VI. Empowerment through Pluralism."
          }
        ]
      }
    },
    {
      "520": {
        "ind1": "\\",
        "ind2": "\\",
        "subfields": [
          {
            "a": "Nearly twenty years ago in the first edition of this path-breaking book, Peter Berger and Richard John Neuhaus anticipated the major worldwide project of the 1990s: the renewal of civil society. They showed that such \"mediating structures\" as family, neighborhood, church, voluntary associations, and civic organizations are crucial institutions, whose weakening spells disaster. They warned public policy experts, then mesmerized by promising new government programs, that these were likely to be less successful than mediating institutions. Now, many of their ideas vindicated, the authors have returned to their original argument to assess what has succeeded, what has gone wrong, and what remains to be done. For this new edition, they have invited twelve scholars to join them in pointing toward new directions for the future. With reform of the welfare state on the international agenda, this new edition of To Empower People will likely become the beacon for the next generation."
          }
        ]
      }
    },
    {
      "650": {
        "ind1": "\\",
        "ind2": "0",
        "subfields": [
          {
            "a": "Social policy."
          }
        ]
      }
    },
    {
      "650": {
        "ind1": "\\",
        "ind2": "0",
        "subfields": [
          {
            "a": "Social institutions."
          }
        ]
      }
    },
    {
      "650": {
        "ind1": "\\",
        "ind2": "2",
        "subfields": [
          {
            "a": "Public Policy"
          }
        ]
      }
    },
    {
      "650": {
        "ind1": "\\",
        "ind2": "7",
        "subfields": [
          {
            "a": "Social institutions."
          },
          {
            "2": "fast"
          },
          {
            "0": "(OCoLC)fst01122537"
          }
        ]
      }
    },
    {
      "650": {
        "ind1": "\\",
        "ind2": "7",
        "subfields": [
          {
            "a": "Social policy."
          },
          {
            "2": "fast"
          },
          {
            "0": "(OCoLC)fst01122738"
          }
        ]
      }
    },
    {
      "700": {
        "ind1": "1",
        "ind2": "\\",
        "subfields": [
          {
            "a": "Neuhaus, Richard John."
          }
        ]
      }
    },
    {
      "700": {
        "ind1": "1",
        "ind2": "\\",
        "subfields": [
          {
            "a": "Novak, Michael."
          }
        ]
      }
    },
    {
      "856": {
        "ind1": "4",
        "ind2": "1",
        "subfields": [
          {
            "3": "Table of contents"
          },
          {
            "u": "http://www.gbv.de/dms/hbz/toc/ht007276250.pdf"
          }
        ]
      }
    },
    {
      "994": {
        "ind1": "\\",
        "ind2": "\\",
        "subfields": [
          {
            "a": "Z0"
          },
          {
            "b": "NYRVC"
          }
        ]
      }
    },
    {
      "948": {
        "ind1": "\\",
        "ind2": "\\",
        "subfields": [
          {
            "h": "NO HOLDINGS IN NYRVC - 317 OTHER HOLDINGS"
          }
        ]
      }
    },
    {
      "999": {
        "ind1": "\\",
        "ind2": "\\",
        "subfields": [
          {
            "a": "00000000022759"
          }
        ]
      }
    }
  ]
}